<?xml version="1.0" encoding="UTF-8"?><record xmlns="http://www.loc.gov/MARC21/slim" xmlns:cinclude="http://apache.org/cocoon/include/1.0" xmlns:zs="http://www.loc.gov/zing/srw/">
  <leader>00574nz  a2200145n  4500</leader>
  <controlfield tag="001">n  98108892 </controlfield>
  <controlfield tag="003">DLC</controlfield>
  <controlfield tag="005">19981209154909.0</controlfield>
  <controlfield tag="008">981209n| acannaab|          |a aaa |||  </controlfield>
  <datafield tag="010" ind1=" " ind2=" ">
    <subfield code="a">n  98108892 </subfield>
  </datafield>
  <datafield tag="040" ind1=" " ind2=" ">
    <subfield code="a">DLC</subfield>
    <subfield code="c">DLC</subfield>
  </datafield>
  <datafield tag="100" ind1="1" ind2="0">
    <subfield code="a">Whitaker, Mary S. Fenley</subfield>
  </datafield>
  <datafield tag="400" ind1="1" ind2="0">
    <subfield code="a">Whitaker, Dollie</subfield>
  </datafield>
  <datafield tag="400" ind1="1" ind2="0">
    <subfield code="a">Fenley, Mary S.</subfield>
  </datafield>
  <datafield tag="670" ind1=" " ind2=" ">
    <subfield code="a">NUCMC data from East Texas Research Center (Nacogdoches, Tex.) for Whitaker-Fenley family letters, 1862-1864</subfield>
    <subfield code="b">(Whitaker, Mary S. (Fenley); wife of merchant and landowner John P. Whitaker (b. 1834), of Nacogdoches County, Tex.; also known as Dollie)</subfield>
  </datafield>
</record>